@article{d9683286-f374-3c0d-ae3c-3924235e199a,
 ISSN = {00368733, 19467087},
 URL = {http://www.jstor.org/stable/24975914},
 author = {Karl J. Niklas},
 journal = {Scientific American},
 number = {3},
 pages = {78--87},
 publisher = {Scientific American, a division of Nature America, Inc.},
 title = {Computer-simulated Plant Evolution},
 urldate = {2024-05-07},
 volume = {254},
 year = {1986}
}

@inproceedings{ochoa1998genetic,
  title={On genetic algorithms and Lindenmayer systems},
  author={Ochoa, Gabriela},
  booktitle={International Conference on Parallel Problem Solving from Nature},
  pages={335--344},
  year={1998},
  organization={Springer}
}

@book{rozenberg1980mathematical,
  title={The mathematical theory of L systems},
  author={Rozenberg, Grzegorz and Salomaa, Arto},
  year={1980},
  publisher={Academic press}
}
@article{slowik2020evolutionary,
  title={Evolutionary algorithms and their applications to engineering problems},
  author={Slowik, Adam and Kwasnicka, Halina},
  journal={Neural Computing and Applications},
  volume={32},
  pages={12363--12379},
  year={2020},
  publisher={Springer}
}
@book{dawkins,
  author = {Dawkins, Richard},
  year = {1986},
  month = {01},
  pages = {},
  title = {The Blind Watchmaker},
  volume = {58},
  journal = {The Journal of Animal Ecology},
  doi = {10.2307/5146},
}

@article{ethan,
  author = {Ethan, Amelia and Edward, Emily},
  year = {2023},
  month = {08},
  pages = {},
  title = {Artificial Intelligence in Bioinformatics: Advancements and Applications}
}

@inproceedings{oppenheimer,
  author = {Oppenheimer, Peter},
  year = {1986},
  month = {08},
  pages = {55-64},
  title = {Real Time Design and Animation of Fractal Plants and Trees},
  volume = {20},
  journal = {ACM Siggraph Computer Graphics},
  doi = {10.1145/15922.15892}
}
@inproceedings{sims,
  author = {Sims, Karl},
  year = {1994},
  month = {01},
  pages = {15-22},
  title = {Evolving virtual creatures},
  volume = {8},
  journal = {Proceedings of the 21st annual conference on Computer graphics and interactive techniques},
  doi = {10.1145/192161.192167}
}
@article{LINDENMAYER1968280,
  title = {Mathematical models for cellular interactions in development I. Filaments with one-sided inputs},
  journal = {Journal of Theoretical Biology},
  volume = {18},
  number = {3},
  pages = {280-299},
  year = {1968},
  issn = {0022-5193},
  doi = {https://doi.org/10.1016/0022-5193(68)90079-9},
  url = {https://www.sciencedirect.com/science/article/pii/0022519368900799},
  author = {Aristid Lindenmayer},
}
@article{radomir,
  author = {Prusinkiewiczy, Przemyslaw and Hananz, Przemyslaw and Hammely, Mark and Mech, Radomir},
  year = {2002},
  month = {01},
  pages = {},
  title = {L-Systems: From The Theory To Visual Models Of Plants}
}

@article{wonka,
  author = {Müller, Pascal and Wonka, Peter and Haegler, Simon and Ulmer, Andreas and Van Gool, Luc},
  year = {2006},
  month = {07},
  pages = {614-623},
  title = {Procedural Modeling of Buildings},
  volume = {25},
  journal = {ACM Trans. Graph.},
  doi = {10.1145/1141911.1141931}
}
@book{shaker,
  author = {Shaker, Noor and Togelius, Julian and Nelson, Mark},
  year = {2016},
  month = {01},
  pages = {},
  title = {Procedural Content Generation in Games},
  isbn = {978-3-319-42714-0},
  doi = {10.1007/978-3-319-42716-4}
}
@inproceedings{visualmodels,
  author = {M\v{e}ch, Radom\'{\i}r and Prusinkiewicz, Przemyslaw},
  title = {Visual models of plants interacting with their environment},
  year = {1996},
  isbn = {0897917464},
  publisher = {Association for Computing Machinery},
  address = {New York, NY, USA},
  url = {https://doi.org/10.1145/237170.237279},
  doi = {10.1145/237170.237279},
  booktitle = {Proceedings of the 23rd Annual Conference on Computer Graphics and Interactive Techniques},
  pages = {397–410},
  numpages = {14},
  keywords = {L-system, clonal plant, ecosystem, modeling, plant development, realistic image synthesis, root, scientific visualization, simulation, software design, tree},
  series = {SIGGRAPH '96}
}
@inbook{evolving,
  author = {Fitch, Benjamin and Parslow, Patrick and Lundqvist, Karsten},
  year = {2018},
  month = {06},
  pages = {16-23},
  title = {Evolving Complete L-Systems: Using Genetic Algorithms for the Generation of Realistic Plants},
  isbn = {978-3-319-90417-7},
  doi = {10.1007/978-3-319-90418-4_2}
}
@article{evolprograms,
  author = {Voigt, H. and Ebeling, Werner and Rechenberg, I. and Schwefel, Hans-Paul and Jacob, Christian},
  year = {1996},
  month = {10},
  pages = {},
  title = {Evolution Programs Evolved}
}
@inproceedings{wildwood,
  author={Mock, K.J.},
  booktitle={1998 IEEE International Conference on Evolutionary Computation Proceedings. IEEE World Congress on Computational Intelligence (Cat. No.98TH8360)}, 
  title={Wildwood: the evolution of L-system plants for virtual environments}, 
  year={1998},
  volume={},
  number={},
  pages={476-480},
  keywords={Humans;Avatars;Biological system modeling;Computer graphics;Rendering (computer graphics);Biological cells;Genetic algorithms;Computational modeling;Organisms;Art},
  doi={10.1109/ICEC.1998.699854}
}
